@article{abidi1995direct,
  author    = {Asad A. Abidi},
  title     = {Direct-Conversion Radio Transceivers for Digital Communications},
  journal   = {IEEE Journal of Solid-State Circuits},
  volume    = {30},
  number    = {12},
  pages     = {1399--1410},
  year      = {1995},
  publisher = {IEEE},
  doi       = {10.1109/4.482207}
}

@misc{mancini2001opamp,
  author    = {Ron Mancini},
  title     = {Design of op amp sine wave oscillators},
  howpublished = {\url{https://www.ti.com/lit/an/sloa060/sloa060.pdf}},
  year      = {2001},
  note      = {Texas Instruments Application Report SLOA060}
}


